
@article{hameroff2014orch,
  title={Consciousness in the universe: A review of the ‘Orch OR’ theory},
  author={Hameroff, Stuart and Penrose, Roger},
  journal={Physics of Life Reviews},
  volume={11},
  number={1},
  pages={39--78},
  year={2014},
  publisher={Elsevier}
}
... (truncated for brevity; rest is same as before)
